@BOOK{Beckhard1987,
	author = {R. Beckhard and R. Harris}, 
	title = {Organizational Transitions},
	publisher = {Addison-Wesley},
	year = {1987}
}

@BOOK{Satir1991,
	author = {Virginia M. Satir and John Banmen and Jane Gerber and
	Maria Gomori},
	title = {The Satir Model: Family Therapy and Beyond}, 
	publisher = {Science and Behavior Books}, 
	year = {1991}
}

@BOOK{Weinberg1997,
	author = {Gerald M. Weinberg}, 
	title = {Quality Software Management: Anticipating Change}, 
	volume = {4}, 
	publisher = {Dorset House}, 
	year = {1997}
}

@ARTICLE{Bateson1956,
	author = {Gregory Bateson and D. D. Jackson and J. Haley and J. H.
	Weakland},
	title = {Toward a Theory of Schizophrenia}, 
	journal = {Behavioral Science},
	volume = {1}, 
	page = {251--264}, 
	year = {1956}
}

@ARTICLE{Bateson1962,
	author = {Gregory Bateson and D. D. Jackson and J. Haley and J. H.
	Weakland},
	title = {A Note on the Double Bind}, 
	journal = {Family Process}, 
	volume = {2}, 
	year = {1962}, 
	page = {154--161}
}

@BOOK{Block1993,
	author = {Peter Block}, 
	title = {Stewardship: Choosing Service Over Self-Interest}, 
	publisher = {Berrett-Koehler}, 
	year = {1993}
}

@BOOK{Tufte2003,
	author = {Edward R. Tufte}, 
	title = {The Cognitive Style of PowerPoint}, 
	edition = {Second},
	publisher = {Graphics Press}, 
	year = {2003}, 
	page = {4}
}

@BOOK{Gerstner2002,
	author = {Gerstner, Jr., Louis V.}, 
	title = {Who Says Elephants Can't Dance? Inside {IBM}'s Historic Turnaround}, 
	year = {2002}, 
	page = {43}
}

@ARTICLE{Shaw1998,
	author = {Gordon Shaw and Robert Brown and Philip Bromiley}, 
	title = {Strategic Stories: How {3M} is Rewriting Business Planning},
	journal = {Harvard Business Review}, 
	volume = {76}, 
	month = {May--June}, 
	year = {1998}, 
	page = {42--44}
}

@INBOOK{Martin2003,
	author = {Robert Martin}, 
	title = {{PERT}: Precursor to Agility},
	booktitle = {Software Development}, 
	month = feb,
	year = {2003}
}

@BOOK{DeMarco2003,
	author = {Tom DeMarco and Timothy Lister}, 
	title = {Waltzing with Bears},
	publisher = {Dorset House}, 
	year = {2003}, 
	page = {147}
}

